@article{sredojev2015webrtc,
    title={WebRTC technology overview and signaling solution design and implementation},
    author={Sredojev, Branislav and Samardzija, Dragan and Posarac, Dragan},
    journal={38th International Convention on Information and Communication Technology, Electronics and Microelectronics (MIPRO)},
    pages={1006--1011},
    year={2015},
    organization={IEEE},
    doi={10.1109/MIPRO.2015.7160422},
    note={Ultima accesare: 5 mai 2025}
}

@book{goodfellow2016deep,
    title={Deep Learning},
    author={Goodfellow, Ian and Bengio, Yoshua and Courville, Aaron},
    year={2016},
    publisher={MIT Press},
    address={Cambridge, MA},
    isbn={978-0262035613},
    url={https://www.deeplearningbook.org/},
    note={Ultima accesare: 5 mai 2025}
}

@article{brainard2018massive,
    title={What a massive database of retracted papers reveals about science publishing's 'death penalty'},
    author={Brainard, Jeffrey and You, Jia},
    journal={Science},
    volume={362},
    number={6413},
    pages={390--393},
    year={2018},
    publisher={American Association for the Advancement of Science},
    doi={10.1126/science.aav8384},
    note={Ultima accesare: 5 mai 2025}
}

@article{redmon2018yolov3,
    title={YOLOv3: An Incremental Improvement},
    author={Redmon, Joseph and Farhadi, Ali},
    journal={arXiv preprint arXiv:1804.02767},
    year={2018},
    note={Ultima accesare: 5 mai 2025}
}

@article{yang2018tls,
    title={TLS/SSL: A Comprehensive Review of Public Key Infrastructure, Cipher Suites, and SSL/TLS/DTLS},
    author={Yang, Tianyi and Zhao, Qingyuan and Li, Wenqiang and Zhang, Yunxiang},
    journal={Journal of Network and Computer Applications},
    volume={108},
    pages={1--16},
    year={2018},
    publisher={Elsevier},
    doi={10.1016/j.jnca.2018.01.012},
    note={Ultima accesare: 5 mai 2025}
}

@article{gallant2019ethics,
    title={Ethics in academic writing: a plagiarism handbook},
    author={Gallant, Tricia Bertram and Drinan, Patrick},
    journal={Journal of Academic Ethics},
    volume={17},
    number={1},
    pages={3--15},
    year={2019},
    publisher={Springer},
    doi={10.1007/s10805-019-9326-z},
    note={Ultima accesare: 5 mai 2025}
}

@article{kheirkhahan2018smartwatch,
    title={A smartwatch-based framework for real-time and online assessment and mobility monitoring},
    author={Kheirkhahan, Matin and Nair, Sanjay and Davoudi, Anis and Rashidi, Parisa and Wanigatunga, Amal A and Corbett, Duane B and Mendoza, Tonatiuh and Manini, Todd M and Ranka, Sanjay},
    journal={Journal of Biomedical Informatics},
    volume={89},
    pages={29--40},
    year={2019},
    publisher={Elsevier},
    doi={10.1016/j.jbi.2018.11.003},
    note={Ultima accesare: 5 mai 2025}
}

@article{nazari2019detection,
    title={Detection of Active Mobile Phone in Exam Hall},
    author={Nazari, Najla Aiman and Shamsudin, Mohd Fauzi and Lew, Jianyuan and Kasim, Shahreen},
    journal={International Journal of Recent Technology and Engineering},
    volume={8},
    number={4},
    pages={8432--8437},
    year={2019},
    doi={10.35940/ijrte.D8894.118419},
    note={Ultima accesare: 5 mai 2025}
}

@book{russell2020artificial,
    title={Artificial Intelligence: A Modern Approach},
    author={Russell, Stuart J. and Norvig, Peter},
    year={2020},
    edition={4},
    publisher={Pearson},
    address={Hoboken, NJ},
    isbn={978-0134610993},
    note={Ultima accesare: 5 mai 2025}
}

@article{harris2020array,
    title={Array programming with NumPy},
    author={Harris, Charles R. and Millman, K. Jarrod and van der Walt, Stéfan J. and Gommers, Ralf and Virtanen, Pauli and Cournapeau, David and Wieser, Eric and Taylor, Julian and Berg, Sebastian and Smith, Nathaniel J. and others},
    journal={Nature},
    volume={585},
    number={7825},
    pages={357--362},
    year={2020},
    publisher={Nature Publishing Group},
    doi={10.1038/s41586-020-2649-2},
    note={Ultima accesare: 5 mai 2025}
}

@article{alem2021novel,
    title={A Novel Deep Learning-based Online Proctoring System using Face Recognition, Eye Blinking, and Object Detection Techniques},
    author={Alem, Yasmine and Boudraa, Bachir and Merabet, Adel},
    journal={International Journal of Educational Technology in Higher Education},
    volume={18},
    number={1},
    pages={1--19},
    year={2021},
    doi={10.1186/s41239-021-00278-7},
    note={Ultima accesare: 5 mai 2025}
}

@article{dilini2021cheating,
    title={Cheating Detection in Browser-based Online Exams through Eye Gaze Tracking},
    author={Dilini, Nimesha and Nonis, Dinesha and Prasanna, Pasika and Kithulgoda, Chamal and Perera, Kelum},
    journal={6th International Conference on Information Technology Research (ICITR)},
    pages={1--6},
    year={2021},
    publisher={IEEE},
    doi={10.1109/ICITR54349.2021.9657277},
    note={Ultima accesare: 5 mai 2025}
}

@article{hasan2021face,
    title={Face Detection with OpenCV and Deep Learning: A Comprehensive Review},
    author={Hasan, Mohammed and Kashyap, Himanshu and Rajesh, R.},
    journal={International Journal of Computer Vision and Image Processing},
    volume={11},
    number={2},
    pages={51--67},
    year={2021},
    publisher={IGI Global},
    doi={10.4018/IJCVIP.2021040103},
    note={Ultima accesare: 5 mai 2025}
}

@article{pelican2021plagiat,
    title={Plagiatul - o plagă academică endemică},
    author={Pelican, Gabriela},
    journal={Revista Român\u{a} de Studii Juridice},
    volume={5},
    number={2},
    pages={43--59},
    year={2021},
    publisher={Institutul Na\c{t}ional al Magistraturii},
    note={Ultima accesare: 5 mai 2025}
}

@article{zimba2021plagiarism,
    title={Plagiarism detection and prevention: a primer for researchers},
    author={Zimba, Olena and Gasparyan, Armen Yuri},
    journal={Rheumatology International},
    volume={41},
    number={11},
    pages={2045--2055},
    year={2021},
    publisher={Springer},
    doi={10.1007/s00296-021-04976-3},
    note={Ultima accesare: 5 mai 2025}
}

@article{wang2022object,
    title={Object detection using YOLO: challenges, architectural successors, datasets and applications},
    author={Wang, Chien-Yao and Yeh, I-Hau and Liao, Hong-Yuan Mark},
    journal={Multimedia Tools and Applications},
    volume={81},
    number={4},
    pages={28963--28989},
    year={2022},
    publisher={Springer},
    doi={10.1007/s11042-022-13644-y},
    note={Ultima accesare: 5 mai 2025}
}

@article{el2023drowsiness,
    title={Drowsiness Detection using Dlib Facial Landmarks in Surveillance Systems},
    author={El-Kenawy, El-Sayed M. and Ibrahim, Abdelhameed and Mirjalili, Seyedali and Eid, Marwa M. and Hussein, Sally E.},
    journal={IEEE Access},
    volume={11},
    pages={45983--45997},
    year={2023},
    publisher={IEEE},
    doi={10.1109/ACCESS.2023.3267452},
    note={Ultima accesare: 5 mai 2025}
}

@article{honorlock2023detecting,
    title={Detecting Cell Phones With Online Proctoring},
    author={Honorlock Research Team},
    journal={Honorlock Digital Proctoring Research Reports},
    volume={3},
    number={2},
    pages={1--8},
    year={2023},
    url={https://honorlock.com/research/proctoring-cell-phone-detection},
    note={Ultima accesare: 5 mai 2025}
}

@article{jocher2023yolov8,
    title={YOLOv8: A comprehensive evolution of the YOLO object detection architecture},
    author={Jocher, Glenn and Chaurasia, Ayush and Qiu, Jing},
    journal={arXiv preprint arXiv:2305.09972},
    year={2023},
    note={Ultima accesare: 5 mai 2025}
}

@article{moshawrab2023value,
    title={The Value of Smartwatches in the Health Care Sector for Monitoring, Nudging, and Predicting: Viewpoint on 25 Years of Research},
    author={Moshawrab, Rabee and Aal, Konstantin and Wulf, Volker},
    journal={JMIR mHealth and uHealth},
    volume={11},
    pages={e45413},
    year={2023},
    publisher={JMIR Publications Inc.},
    doi={10.2196/45413},
    note={Ultima accesare: 5 mai 2025}
}

@article{v7labs2023yolo,
    title={YOLO Algorithm for Object Detection Explained},
    author={V7 Labs Research Team},
    journal={Computer Vision Quarterly},
    volume={7},
    number={2},
    pages={23--35},
    year={2023},
    publisher={V7 Labs},
    note={Ultima accesare: 5 mai 2025}
}

@misc{proctorio,
    title={Proctorio: Remote Proctoring Solutions},
    author={{Proctorio Inc.}},
    howpublished={\url{https://proctorio.com/}},
    year={2023},
    note={Ultima accesare: 5 mai 2025}
}

@misc{proctoru,
    title={ProctorU: Online Proctoring Services},
    author={{ProctorU Inc.}},
    howpublished={\url{https://www.proctoru.com/}},
    year={2023},
    note={Ultima accesare: 5 mai 2025}
}

@misc{pythondatetime,
    title={Python datetime Module Documentation},
    author={{Python Software Foundation}},
    howpublished={\url{https://docs.python.org/3/library/datetime.html}},
    year={2023},
    note={Ultima accesare: 5 mai 2025}
}

@misc{pythonlogging,
    title={Python logging Module Documentation},
    author={{Python Software Foundation}},
    howpublished={\url{https://docs.python.org/3/library/logging.html}},
    year={2023},
    note={Ultima accesare: 5 mai 2025}
}

@misc{pyqt5,
    title={PyQt5 Documentation},
    author={{Riverbank Computing Limited}},
    howpublished={\url{https://www.riverbankcomputing.com/software/pyqt/intro}},
    year={2023},
    note={Ultima accesare: 5 mai 2025}
}

@misc{pytorch,
    title={PyTorch: An Imperative Style, High-Performance Deep Learning Library},
    author={Paszke, Adam and Gross, Sam and Massa, Francisco and Lerer, Adam and Bradbury, James and Chanan, Gregory and Killeen, Trevor and Lin, Zeming and Gimelshein, Natalia and Antiga, Luca and others},
    howpublished={\url{https://pytorch.org/}},
    year={2023},
    note={Ultima accesare: 5 mai 2025}
}

@misc{respondus,
    title={Respondus LockDown Browser Documentation},
    author={{Respondus Inc.}},
    howpublished={\url{https://web.respondus.com/lockdownbrowser/}},
    year={2023},
    note={Accesat: 28 martie 2025. Ultima accesare: 5 mai 2025}
}

@misc{ultralytics,
    title={Ultralytics YOLOv8 Documentation},
    author={Jocher, Glenn and others},
    howpublished={\url{https://github.com/ultralytics/ultralytics}},
    year={2023},
    note={Accesat: 4 mai 2025. Ultima accesare: 5 mai 2025}
}
